@article{b1,
  author = "L\^e D{\~u}ng Trang and Zoghman Mebkhout",
   title = "Vari\'et\'es caract\'er\-istiques et vari\'et\'es polaires",
 journal = "C. R. Acad. Sc. Paris",
  volume = 296,
    year = 1983,
   pages = "129--132"
}

@article{b2,
  author = "Jo{\"e}l Biran{\c c}on and Philippe Maisonobe and Michel Merle",
   title = "Localisation de syst\`emes diff\'erentiels, stratifications
            de {W}hitney et condition de {T}hom",
 journal = "Invent. Math.",
  volume = 117,
    year = 1994,
   pages = "531--550"
}

@article{b3,
  author = "Adam Parusi\'nski and Piotr Pragacz",
   title = "A formula for the {E}uler characteristic of singular hypersurfaces",
 journal = "J. Alg. Geom.",
  volume = 4,
    year = 1995,
   pages = "337-351"
}

@unpublished{b4,
    author = "K. Elissa",
    title = "Title of paper if known"
}

@article{b5,
    author = "R. Nicole",
    title = "Title of paper with only first word capitalized",
    journal = "J. Name Stand. Abbrev."
}

@article{b6,
  author = "L\^e D{\~u}ng Trang and Bernard Teissier",
   title = "Vari\'et\'es polaires locales et classes de {C}hern des
            vari\'et\'es singuli\`eres",
 journal = "Ann. of Math.",
  volume = 114,
    year = 1981,
   pages = "457--491"
}   

@article{b7,
  author = "Dirk Siersma and Mihai Ti{\u b}ar",
   title = "Singularities at infinity and their vanishing cycles",
 journal = "Duke Math. J.",
  volume = 80,
    year = 1995,
   pages = "771--783"
}
